<?xml version="1.0" encoding="UTF-8"?><collection xmlns="http://www.loc.gov/MARC21/slim"><record><leader>02939nab a2200313 a 4500</leader><controlfield tag="001">vtls000016508</controlfield><controlfield tag="003">IFAD</controlfield><controlfield tag="005">20190513130500.0</controlfield><controlfield tag="008">190513 2018                  000 0 eng d</controlfield><datafield tag="035" ind1=" " ind2=" "><subfield code="a">IF000016508</subfield></datafield><datafield tag="039" ind1=" " ind2="9"><subfield code="a">201905131305</subfield><subfield code="b">vaids</subfield><subfield code="y">201905131305</subfield><subfield code="z">vaids</subfield></datafield><datafield tag="090" ind1=" " ind2=" "><subfield code="a">S2256 26 2018 N.10</subfield></datafield><datafield tag="100" ind1="1" ind2=" "><subfield code="a">Garbero, A.</subfield></datafield><datafield tag="245" ind1=" " ind2=" "><subfield code="a">Agricultural sector development programme –livestock (ASDP-L) and the agriculture service support programme (ASSP):</subfield><subfield code="b">Tanzania</subfield></datafield><datafield tag="260" ind1=" " ind2=" "><subfield code="b">IFAD</subfield><subfield code="c">2018</subfield></datafield><datafield tag="300" ind1=" " ind2=" "><subfield code="a">100 pp.</subfield></datafield><datafield tag="490" ind1=" " ind2=" "><subfield code="a">IFAD Impact Assessment</subfield><subfield code="v">2018 N.10</subfield></datafield><datafield tag="520" ind1=" " ind2=" "><subfield code="a">Decades of agricultural research have led to the development of technological innovations and improved farming practices that hold a huge potential for increasing agricultural production and achieving global food security. However, the level of dissemination and adoption of this knowledge is still inadequate, especially among smallholder farmers in developing countries. In an effort to enhance the adoption of such technical innovations and improved practices, agricultural extension approaches like Farmer Field Schools (FFS) have been widely advocated. FFS are usually participatory and informal methods of training and assisting farmers in their own locality, to adopt and adapt new technologies that can improve their farming practices.&#xD;
The ASDP-L and ASSP projects were implemented in Zanzibar between 2007 to 2017, with an aim to contribute towards the Government initiatives to increase agricultural productivity and profitability, generate employment in rural areas and ensure national and household food security. The purpose of the projects was to empower crop and livestock farmers through capacity building and training activities offered in the form of FFS, so as to improve their agricultural production systems.&#xD;
The impact assessment on the ASDP-L and ASSP projects is based on a quantitative household data collected in 2018 from about 2082 FFS participants and non-participants. Information obtained via a qualitative study by the project implementation team was used to support the quantitative survey design and interpretation of results from the quantitative data analysis for this impact assessment. Statistical matching techniques were used in the sampling and data analysis to identify and select a proper comparison group for the FFS participants.</subfield></datafield><datafield tag="650" ind1=" " ind2="7"><subfield code="a">IMPACT ASSESSMENT</subfield><subfield code="2">AGROVOC</subfield></datafield><datafield tag="650" ind1=" " ind2="7"><subfield code="a">LIVESTOCK FARM</subfield><subfield code="2">AGROVOC</subfield></datafield><datafield tag="650" ind1=" " ind2="7"><subfield code="a">FOOD SECURITY</subfield><subfield code="2">AGROVOC</subfield></datafield><datafield tag="650" ind1=" " ind2="7"><subfield code="a">RURAL DEVELOPMENT</subfield><subfield code="2">AGROVOC</subfield></datafield><datafield tag="650" ind1=" " ind2="7"><subfield code="a">SMALL HOLDER</subfield><subfield code="2">AGROVOC</subfield></datafield><datafield tag="773" ind1=" " ind2=" "><subfield code="w">IF000016494</subfield></datafield><datafield tag="852" ind1=" " ind2=" "><subfield code="a">E-Lib</subfield></datafield><datafield tag="856" ind1=" " ind2="8"><subfield code="u">http://library2018.ifad.org:8080/16490.jpg</subfield></datafield><datafield tag="856" ind1=" " ind2=" "><subfield code="u">https://www.ifad.org/documents/38714170/41117552/TZ_ASDP-L+ASSP_IA+report.pdf/cbdb6bf7-e620-b5f6-15fb-e88d70a25d1a</subfield></datafield><datafield tag="999" ind1=" " ind2=" "><subfield code="a">VIRTUA40</subfield></datafield><datafield tag="999" ind1=" " ind2=" "><subfield code="a">VTLSSORT0010*0030*0080*0350*0390*0900*1000*2450*2600*3000*4900*5200*6500*6501*6502*6503*6504*7730*8520*8560*8561*9992</subfield></datafield></record>