<record><leader>02541nab a2200337 a 4500</leader><controlfield tag="001">vtls000016500</controlfield><controlfield tag="003">IFAD</controlfield><controlfield tag="005">20190513105600.0</controlfield><controlfield tag="008">190513 2018                  000 0 eng d</controlfield><datafield tag="035" ind1=" " ind2=" "><subfield code="a">IF000016500</subfield></datafield><datafield tag="039" ind1=" " ind2="9"><subfield code="a">201905131056</subfield><subfield code="b">vaids</subfield><subfield code="c">201905131054</subfield><subfield code="d">vaids</subfield><subfield code="y">201905131054</subfield><subfield code="z">vaids</subfield></datafield><datafield tag="090" ind1=" " ind2=" "><subfield code="a">S2256 26 2018 N.2</subfield></datafield><datafield tag="100" ind1="1" ind2=" "><subfield code="a">Garbero, A.</subfield></datafield><datafield tag="245" ind1=" " ind2=" "><subfield code="a">Agricultural Value Chains Support Project (PAFA)</subfield></datafield><datafield tag="260" ind1=" " ind2=" "><subfield code="b">IFAD</subfield><subfield code="c">2018</subfield></datafield><datafield tag="300" ind1=" " ind2=" "><subfield code="a">87 pp.</subfield></datafield><datafield tag="490" ind1=" " ind2=" "><subfield code="a">IFAD Impact Assessment</subfield><subfield code="v">2018 N.2</subfield></datafield><datafield tag="520" ind1=" " ind2=" "><subfield code="a">Value chain development is an important strategy to achieve sustainable development for smallholder farmers. It focuses not only on farmers and their direct livelihood but recognizes that sustainable agricultural projects ought to consider the entire production process by not only improving the factors of production for smallholder farmers but also allowing for greater integration into local markets, and the strengthening of key stakeholders along the value chain.&#xD;
The Agricultural Value Chains Support Project (in French Projet d’Appui aux Filières Agricoles (PAFA)) capitalizes on the value chain approach to improve the livelihoods of smallholder farmers in Senegal’s Groundnut Basin. Approved in 2008 and put into effect on February 5th 2010, the Agricultural Value Chains Support Project has, as of today, reached 37,734 households. The project is articulated around five components: (1) agricultural diversification and access to local market (2) development and structuring of regional value chains, (3) national coordination, knowledge management and project management, (4) climate change adaptation, and (5) support services for rural finance. The project was innovative in that, in addition to providing support to farmers through producer organisations (POs), there was an emphasis on improving concertation and collaboration around key value chains.</subfield></datafield><datafield tag="650" ind1=" " ind2="7"><subfield code="a">IMPACT ASSESSMENT</subfield><subfield code="2">AGROVOC</subfield></datafield><datafield tag="650" ind1=" " ind2="7"><subfield code="a">AGRICULTURAL PRODUCTION</subfield><subfield code="2">AGROVOC</subfield></datafield><datafield tag="650" ind1=" " ind2="7"><subfield code="a">DIVERSIFICATION</subfield><subfield code="2">AGROVOC</subfield></datafield><datafield tag="650" ind1=" " ind2="7"><subfield code="a">SMALL HOLDER</subfield><subfield code="2">AGROVOC</subfield></datafield><datafield tag="650" ind1=" " ind2="7"><subfield code="a">ECONOMIC GROWTH</subfield><subfield code="2">AGROVOC</subfield></datafield><datafield tag="700" ind1="1" ind2=" "><subfield code="a">Diatta, D.</subfield></datafield><datafield tag="700" ind1="1" ind2=" "><subfield code="a">Olapade, M.</subfield></datafield><datafield tag="773" ind1=" " ind2=" "><subfield code="w">IF000016494</subfield></datafield><datafield tag="852" ind1=" " ind2=" "><subfield code="a">E-Lib</subfield></datafield><datafield tag="856" ind1=" " ind2="8"><subfield code="u">http://library2018.ifad.org:8080/16482.jpg</subfield></datafield><datafield tag="856" ind1=" " ind2=" "><subfield code="u">https://www.ifad.org/documents/38714170/41115672/SN_PAFA_IA+report.pdf/0deb15a4-9d3f-de7e-2b56-a2a753cf87dd</subfield></datafield><datafield tag="999" ind1=" " ind2=" "><subfield code="a">VIRTUA40</subfield></datafield><datafield tag="999" ind1=" " ind2=" "><subfield code="a">VTLSSORT0010*0030*0080*0350*0390*0900*1000*2450*2600*3000*4900*5200*6500*6501*6502*6503*6504*7000*7001*7730*8520*8560*8561*9992</subfield></datafield></record>