<record><leader>04114nab a2200337 a 4500</leader><controlfield tag="001">vtls000016510</controlfield><controlfield tag="003">IFAD</controlfield><controlfield tag="005">20190513143300.0</controlfield><controlfield tag="008">190513 2019                  000 0 eng d</controlfield><datafield tag="035" ind1=" " ind2=" "><subfield code="a">IF000016510</subfield></datafield><datafield tag="039" ind1=" " ind2="9"><subfield code="a">201905131433</subfield><subfield code="b">vaids</subfield><subfield code="y">201905131433</subfield><subfield code="z">vaids</subfield></datafield><datafield tag="090" ind1=" " ind2=" "><subfield code="a">S2256 26 2019 N.2</subfield></datafield><datafield tag="100" ind1="1" ind2=" "><subfield code="a">Arslan, A.</subfield></datafield><datafield tag="245" ind1=" " ind2=" "><subfield code="a">Coastal Climate Resilient Infrastructure Project (CCRIP):&#xD;
</subfield><subfield code="b">Bangladesh</subfield></datafield><datafield tag="260" ind1=" " ind2=" "><subfield code="b">IFAD</subfield><subfield code="c">2019</subfield></datafield><datafield tag="300" ind1=" " ind2=" "><subfield code="a">71 pp.</subfield></datafield><datafield tag="490" ind1=" " ind2=" "><subfield code="a">IFAD Impact Assessment</subfield><subfield code="v">2019 N.2</subfield></datafield><datafield tag="520" ind1=" " ind2=" "><subfield code="a">The Coastal Climate Resilient Infrastructure Project (CCRIP) is a $150 million rural infrastructure project which was implemented in 12 districts of Bangladesh since 2013, and is due to be completed by the end of 2019. The project is funded by IFAD, the ADB, KfW of Germany, and the Government of Bangladesh. The project aims to improve the connectivity of farms and households in the face of climatic shocks, focusing on one of the most shock-prone areas of one of the most shock-prone countries in the world. The main component of the project is the construction of improved markets and market connecting roads, that are designed to remain useable during the monsoon season. This is expected to improve sales of on-farm produce, along with access to inputs as well as opportunities for off-farm income generation, leading to increased productivity and income. The project also aims to improve women's empowerment by employing Labour Contracting Societies (LCS), consisting mainly of destitute women, to carry out some of the construction work.&#xD;
This impact assessment focuses on the activities funded by IFAD, which includes the strengthening of markets and roads at the community and village levels. Using data from an in-depth household questionnaire covering 3,000 treatment and control households, combined with extensive qualitative interviews, we analyse the project's impact on a range of impact indicators relating to income; crop, fish and livestock production and sales; assets, food security and education; financial inclusion; and women's empowerment. We assess impact on the whole sample, as well as for a range of sub-groups, including by geographic location, location within the market catchment area, and by livelihood activity, integrating findings from the qualitative data to help to explain the mechanisms that shaped the project's impact.&#xD;
Regarding on-farm activities, we find that, despite a lack of impact on productivity, income from selling crops and fish increased significantly (by 104 and 50 per cent, respectively). However, we do not find a similar increase in income from the sale of livestock and livestock products. The lack of impact on productivity was seemingly caused by persisting issues with accessing high-quality inputs during the monsoon season, as well as households having limited capital to purchase these inputs. Despite this, the project increased the amount of produce that was sold, the amount that was sold at a market rather than from home or the farm gate, and increased the likelihood of growing cash crops, leading to the large increase in on-farm income.&#xD;
As well as improving on-farm income, the project also increased income from wage labour, which together produced a positive impact on total income of 11 per cent, along with a four per cent reduction in poverty. This increased prosperity was also reflected in reduced food insecurity and increased ownership of households assets.</subfield></datafield><datafield tag="650" ind1=" " ind2="7"><subfield code="a">IMPACT ASSESSMENT</subfield><subfield code="2">AGROVOC</subfield></datafield><datafield tag="650" ind1=" " ind2="7"><subfield code="a">COAST CLIMATE</subfield><subfield code="2">AGROVOC</subfield></datafield><datafield tag="650" ind1=" " ind2="7"><subfield code="a">SUSTAINABILITY</subfield><subfield code="2">AGROVOC</subfield></datafield><datafield tag="650" ind1=" " ind2="7"><subfield code="a">INFRASTRUCTURE</subfield><subfield code="2">AGROVOC</subfield></datafield><datafield tag="650" ind1=" " ind2="7"><subfield code="a">CLIMATE CHANGE ADAPTATION</subfield><subfield code="2">AGROVOC</subfield></datafield><datafield tag="700" ind1="1" ind2=" "><subfield code="a">Higgins, D.</subfield></datafield><datafield tag="700" ind1="1" ind2=" "><subfield code="a">Islam, S.</subfield></datafield><datafield tag="773" ind1=" " ind2=" "><subfield code="w">IF000016494</subfield></datafield><datafield tag="852" ind1=" " ind2=" "><subfield code="a">E-Lib</subfield></datafield><datafield tag="856" ind1=" " ind2="8"><subfield code="u">http://library2018.ifad.org:8080/16492.jpg</subfield></datafield><datafield tag="856" ind1=" " ind2=" "><subfield code="u">https://www.ifad.org/documents/38714170/41115388/BD_CCRIP_IA+report.pdf/863f487a-105a-f286-2f2d-2b9a8860cc3b</subfield></datafield><datafield tag="999" ind1=" " ind2=" "><subfield code="a">VIRTUA40</subfield></datafield><datafield tag="999" ind1=" " ind2=" "><subfield code="a">VTLSSORT0010*0030*0080*0350*0390*0900*1000*2450*2600*3000*4900*5200*6500*6501*6502*6503*6504*7000*7001*7730*8520*8560*8561*9992</subfield></datafield></record>