<record><leader>02860nab a2200325 a 4500</leader><controlfield tag="001">vtls000016501</controlfield><controlfield tag="003">IFAD</controlfield><controlfield tag="005">20190513113500.0</controlfield><controlfield tag="008">190513 2018                  000 0 eng d</controlfield><datafield tag="035" ind1=" " ind2=" "><subfield code="a">IF000016501</subfield></datafield><datafield tag="039" ind1=" " ind2="9"><subfield code="a">201905131135</subfield><subfield code="b">vaids</subfield><subfield code="y">201905131113</subfield><subfield code="z">vaids</subfield></datafield><datafield tag="090" ind1=" " ind2=" "><subfield code="a">S2256 26 2018 N.3</subfield></datafield><datafield tag="100" ind1="1" ind2=" "><subfield code="a">Cavatassi, R.</subfield></datafield><datafield tag="245" ind1=" " ind2=" "><subfield code="a">Community-based Forestry Development Project in Southern States (DECOFOS):</subfield><subfield code="b">Mexico</subfield></datafield><datafield tag="260" ind1=" " ind2=" "><subfield code="b">IFAD</subfield><subfield code="c">2018</subfield></datafield><datafield tag="300" ind1=" " ind2=" "><subfield code="a">40 pp.</subfield></datafield><datafield tag="490" ind1=" " ind2=" "><subfield code="a">IFAD Impact Assessment</subfield><subfield code="v">2018 N.3</subfield></datafield><datafield tag="520" ind1=" " ind2=" "><subfield code="a">The territory of Mexico is covered by forests and wildland up to about 73% of the total territory (World Bank, 2015 and CONAFOR, 2012). This corresponds to around 140 million hectares, 80% of which are owned by communities and ejidos. Starting from the '80s, Mexico has experienced one of the largest deforestation rates in Latin America due to a number of complex socio-economic and political reasons which have reduced incentives to the sustainable use of forests with negative consequences for their long term conservation (Segura, 2000).&#xD;
To address and overcome problems linked to deforestation and forest degradation, the Community-based Forestry Development Project in Southern States (Desarrollo Comunitario Forestal en los Estados del Sur – DECOFOS) was designed and implemented from March 2011 to September 2016 with contribution from the Government of Mexico, IFAD, the Global Environment Facility (GEF) and project beneficiaries. The project had two main components. The first component was mainly meant to raise awareness of climate change and of sustainable use and management of natural resources through trainings and capacity development. This component could be instrumental to achieving impacts when combined with the second component which had a more tangible connotation. The second component, indeed, consisted on promoting sustainable management and exploitation of forest and natural resources through reforestation, adoption of agroforestry and of good environmental practices, supporting and facilitating business enterprises through the provision of technical and financial support to the start-up of micro-entrepreneurial projects and small-businesses enterprises.</subfield></datafield><datafield tag="650" ind1=" " ind2="7"><subfield code="a">IMPACT ASSESSMENT</subfield><subfield code="2">AGROVOC</subfield></datafield><datafield tag="650" ind1=" " ind2="7"><subfield code="a">ENVIRONMENT</subfield><subfield code="2">AGROVOC</subfield></datafield><datafield tag="650" ind1=" " ind2="7"><subfield code="a">CLIMATE CHANGE ADAPTATION</subfield><subfield code="2">AGROVOC</subfield></datafield><datafield tag="650" ind1=" " ind2="7"><subfield code="a">FORESTRY DEVELOPMENT</subfield><subfield code="2">AGROVOC</subfield></datafield><datafield tag="650" ind1=" " ind2="7"><subfield code="a">DEFORESTRATION</subfield><subfield code="2">AGROVOC</subfield></datafield><datafield tag="700" ind1="1" ind2=" "><subfield code="a">Alfani, F. et al.</subfield></datafield><datafield tag="773" ind1=" " ind2=" "><subfield code="w">IF000016494</subfield></datafield><datafield tag="852" ind1=" " ind2=" "><subfield code="a">E-Lib</subfield></datafield><datafield tag="856" ind1=" " ind2="8"><subfield code="u">http://library2018.ifad.org:8080/16483.jpg</subfield></datafield><datafield tag="856" ind1=" " ind2=" "><subfield code="u">https://www.ifad.org/documents/38714170/41096508/MX_DECOFOS_IA+report.pdf/d6815458-8f90-39b0-793a-cfbf9cb82211</subfield></datafield><datafield tag="999" ind1=" " ind2=" "><subfield code="a">VIRTUA40</subfield></datafield><datafield tag="999" ind1=" " ind2=" "><subfield code="a">VTLSSORT0010*0030*0080*0350*0390*0900*1000*2450*2600*3000*4900*5200*6500*6501*6502*6503*6504*7000*7730*8520*8560*8561*9992</subfield></datafield></record>