<record><leader>02519nab a2200325 a 4500</leader><controlfield tag="001">vtls000016504</controlfield><controlfield tag="003">IFAD</controlfield><controlfield tag="005">20190513120700.0</controlfield><controlfield tag="008">190513 2018                  000 0 eng d</controlfield><datafield tag="035" ind1=" " ind2=" "><subfield code="a">IF000016504</subfield></datafield><datafield tag="039" ind1=" " ind2="9"><subfield code="a">201905131207</subfield><subfield code="b">vaids</subfield><subfield code="y">201905131207</subfield><subfield code="z">vaids</subfield></datafield><datafield tag="090" ind1=" " ind2=" "><subfield code="a">S2256 26 2018 N.6</subfield></datafield><datafield tag="100" ind1="1" ind2=" "><subfield code="a">Garbero, A.</subfield></datafield><datafield tag="245" ind1=" " ind2=" "><subfield code="a">Guangxi integrated agricultural development project (GIADP):</subfield><subfield code="b">China</subfield></datafield><datafield tag="260" ind1=" " ind2=" "><subfield code="b">IFAD</subfield><subfield code="c">2018</subfield></datafield><datafield tag="300" ind1=" " ind2=" "><subfield code="a">72 pp.</subfield></datafield><datafield tag="490" ind1=" " ind2=" "><subfield code="a">IFAD Impact Assessment</subfield><subfield code="v">2018 N.6</subfield></datafield><datafield tag="520" ind1=" " ind2=" "><subfield code="a">Improving market access of smallholder farmers in the developing world is considered an important approach to moving them out of poverty and increasing their economic mobility. In China, rural poverty has declined at a phenomenal speed within just two decades, and much of this success story is attributable to rapid income growth in rural areas. Thus, having a good understanding of how development efforts in rural China may help alleviate poverty and improving economic mobility is of particular interest for policy, as they are instrumental in informing future project design and scaling-up of success stories to other regions in China as well as to other countries.&#xD;
The Guangxi Integrated Agricultural Development Project (GIADP) is an example of a development effort aimed at increasing rural household income in China through three project components: community infrastructure development, agricultural production and marketing support, and rural environmental improvement. The project was approved by the Executive Board of the International Fund for Agricultural Development (IFAD) in December 2011, entered into effect in January 2012, and ran until March 2017. Interventions delivered covered three main components: community infrastructure improvements, agricultural production and marketing support, and interventions aimed at preserving the rural environment.</subfield></datafield><datafield tag="650" ind1=" " ind2="7"><subfield code="a">IMPACT ASSESSMENT</subfield><subfield code="2">AGROVOC</subfield></datafield><datafield tag="650" ind1=" " ind2="7"><subfield code="a">AGRICULTURAL DEVELOPMENT</subfield><subfield code="2">AGROVOC</subfield></datafield><datafield tag="650" ind1=" " ind2="7"><subfield code="a">COMMERCIAL FARMING</subfield><subfield code="2">AGROVOC</subfield></datafield><datafield tag="650" ind1=" " ind2="7"><subfield code="a">SUSTAINABILITY</subfield><subfield code="2">AGROVOC</subfield></datafield><datafield tag="650" ind1=" " ind2="7"><subfield code="a">SMALL HOLDER</subfield><subfield code="2">AGROVOC</subfield></datafield><datafield tag="700" ind1="1" ind2=" "><subfield code="a">Songsermsawas, T.</subfield></datafield><datafield tag="773" ind1=" " ind2=" "><subfield code="w">IF000016494</subfield></datafield><datafield tag="852" ind1=" " ind2=" "><subfield code="a">E-Lib</subfield></datafield><datafield tag="856" ind1=" " ind2="8"><subfield code="u">http://library2018.ifad.org:8080/16486.jpg</subfield></datafield><datafield tag="856" ind1=" " ind2=" "><subfield code="u">https://www.ifad.org/documents/38714170/41096302/CN_GIADP_IA+report.pdf/14a17e7e-8de8-3c00-0db3-67cbd38a22b1</subfield></datafield><datafield tag="999" ind1=" " ind2=" "><subfield code="a">VIRTUA40</subfield></datafield><datafield tag="999" ind1=" " ind2=" "><subfield code="a">VTLSSORT0010*0030*0080*0350*0390*0900*1000*2450*2600*3000*4900*5200*6500*6501*6502*6503*6504*7000*7730*8520*8560*8561*9992</subfield></datafield></record>