<record><leader>03768nab a2200337 a 4500</leader><controlfield tag="001">vtls000016503</controlfield><controlfield tag="003">IFAD</controlfield><controlfield tag="005">20190513115400.0</controlfield><controlfield tag="008">190513 2018                  000 0 eng d</controlfield><datafield tag="035" ind1=" " ind2=" "><subfield code="a">IF000016503</subfield></datafield><datafield tag="039" ind1=" " ind2="9"><subfield code="a">201905131154</subfield><subfield code="b">vaids</subfield><subfield code="c">201905131153</subfield><subfield code="d">vaids</subfield><subfield code="y">201905131153</subfield><subfield code="z">vaids</subfield></datafield><datafield tag="090" ind1=" " ind2=" "><subfield code="a">S2256 26 2018 N.5</subfield></datafield><datafield tag="100" ind1="1" ind2=" "><subfield code="a">Kafle, K.</subfield></datafield><datafield tag="245" ind1=" " ind2=" "><subfield code="a">High value agriculture project in hill and mountain areas (HVAP):</subfield><subfield code="b">Nepal</subfield></datafield><datafield tag="260" ind1=" " ind2=" "><subfield code="b">IFAD</subfield><subfield code="c">2018</subfield></datafield><datafield tag="300" ind1=" " ind2=" "><subfield code="a">64 pp.</subfield></datafield><datafield tag="490" ind1=" " ind2=" "><subfield code="a">IFAD Impact Assessment</subfield><subfield code="v">2018 N.5</subfield></datafield><datafield tag="520" ind1=" " ind2=" "><subfield code="a">This report assesses the impact of the High Value Agriculture Project in Hill and Mountain Areas (HVAP) of Nepal co-financed by the International Fund for Agricultural Development (IFAD), the Government of Nepal (GoN), and the SNV Netherlands Development Organization. The project was implemented between February 2011 and September 2018, and aimed at reducing rural poverty and improving food security in the remote hill and mountainous areas of the landlocked state. Nepal's geographical landscape presents numerous challenges to local economic growth and rural development. The livelihood of the people living in Nepal's rugged landscape is often characterized by low agricultural productivity, and limited access to markets and services.&#xD;
HVAP is a unique project both in terms of its geographical coverage and its type of interventions provided to the target groups. Its unique feature is the inclusive value chain development component which links different actors in the agricultural value chain including producers, retailers, wholesalers, input suppliers, technical service providers, credit and commerce groups, and government line ministries and agencies. In addition, the project helps strengthen the agricultural service delivery by facilitating the linkages among producers, crop and livestock extension speacialists, and technical service providers such as agrovets, para-vets, and plant protectionists through the service market strengthening component.&#xD;
The project covers seven hill and mountaneous districts in Karnali Province (formerly the Mid-Western Development Region)1 and identifies seven agricultural commodities as high value commodities in this area: apple, ginger, vegetable seeds, off-season vegetables turmeric, timur (Sichuan pepper), and goat. To ensure gender representativeness and promite social cohesiveness, all support services are delivered through producer organizations (PO) which are local producer groups or co-operatives that are representative of women and ethinc minorities in the area. The project supported smallholder farmers in 456 POs by strengthening their access to input markets, output markets, and service markets as well as their skills and capacity to produce market-oriented high value agricultural commodities. As part of the awareness and skill development training, the project provided a 30-day business literacy curriculum to both female and male farmers. The project also offered technical support to service markets through providing technical training activities and market information to service providers.</subfield></datafield><datafield tag="650" ind1=" " ind2="7"><subfield code="a">IMPACT ASSESSMENT</subfield><subfield code="2">AGROVOC</subfield></datafield><datafield tag="650" ind1=" " ind2="7"><subfield code="a">FARMING SYSTEMS</subfield><subfield code="2">AGROVOC</subfield></datafield><datafield tag="650" ind1=" " ind2="7"><subfield code="a">AGRICULTURAL PRODUCTIVITY</subfield><subfield code="2">AGROVOC</subfield></datafield><datafield tag="650" ind1=" " ind2="7"><subfield code="a">ECONOMIC GROWTH</subfield><subfield code="2">AGROVOC</subfield></datafield><datafield tag="650" ind1=" " ind2="7"><subfield code="a">POVERTY</subfield><subfield code="2">AGROVOC</subfield></datafield><datafield tag="700" ind1="1" ind2=" "><subfield code="a">Krah, K,</subfield></datafield><datafield tag="700" ind1="1" ind2=" "><subfield code="a">Songsermsawas, T.</subfield></datafield><datafield tag="773" ind1=" " ind2=" "><subfield code="w">IF000016494</subfield></datafield><datafield tag="852" ind1=" " ind2=" "><subfield code="a">E-Lib</subfield></datafield><datafield tag="856" ind1=" " ind2="8"><subfield code="u">http://library2018.ifad.org:8080/16485.jpg</subfield></datafield><datafield tag="856" ind1=" " ind2=" "><subfield code="u">https://www.ifad.org/documents/38714170/41096781/NP_HVAP_IA+report.pdf/ddef40a6-c0c9-6778-1434-96156b9104c5</subfield></datafield><datafield tag="999" ind1=" " ind2=" "><subfield code="a">VIRTUA40</subfield></datafield><datafield tag="999" ind1=" " ind2=" "><subfield code="a">VTLSSORT0010*0030*0080*0350*0390*0900*1000*2450*2600*3000*4900*5200*6500*6501*6502*6503*6504*7000*7001*7730*8520*8560*8561*9992</subfield></datafield></record>