<record><leader>02577ncb a2200325 a 4500</leader><controlfield tag="001">vtls000016497</controlfield><controlfield tag="003">IFAD</controlfield><controlfield tag="005">20190513160000.0</controlfield><controlfield tag="008">190513 2017                  000 0 eng d</controlfield><datafield tag="035" ind1=" " ind2=" "><subfield code="a">IF000016497</subfield></datafield><datafield tag="039" ind1=" " ind2="9"><subfield code="a">201905131600</subfield><subfield code="b">vaids</subfield><subfield code="c">201905131559</subfield><subfield code="d">vaids</subfield><subfield code="c">201905131558</subfield><subfield code="d">vaids</subfield><subfield code="c">201905131008</subfield><subfield code="d">vaids</subfield><subfield code="y">201905131005</subfield><subfield code="z">vaids</subfield></datafield><datafield tag="090" ind1=" " ind2=" "><subfield code="a">S2256 26 2017 2</subfield></datafield><datafield tag="100" ind1="1" ind2=" "><subfield code="a">Ring, H.</subfield></datafield><datafield tag="245" ind1=" " ind2=" "><subfield code="a">Impact evaluation of the programme supporting development of Menabe and Melaky regions in Madagascar</subfield></datafield><datafield tag="260" ind1=" " ind2=" "><subfield code="b">IFAD</subfield><subfield code="c">2017</subfield></datafield><datafield tag="300" ind1=" " ind2=" "><subfield code="a">136 pp.</subfield></datafield><datafield tag="520" ind1=" " ind2=" "><subfield code="a">Farmers in western Madagascar live in an arid region that makes it difficult to survive on their own production. As in many other regions in less developed countries, there is a big initiative to improve agricultural production. Agricultural development is particularly important for a country like Madagascar, with 77.8% of the population living in rural settings (Rasambainarivo &amp; Ranaivoarivelo, 2003). In such a dry region, it is important to understand whether large-scale investments in irrigation infrastructure can improve outcomes for smallholder farmers. To do so, we focused on crop yields, cropping in multiple seasons and improved agricultural practices. We identified these outcomes as key indicators of improved agricultural livelihoods.&#xD;
Appui au Développement du Menabe et du Melaky (AD2M) farmers had the opportunity to change the way they grow crops. The programme created new irrigation infrastructure in areas that had not been irrigated, and rehabilitated existing irrigation infrastructure when possible. The irrigation allowed farmers to use better agricultural techniques. For example, they potentially could manage water flow to crops better during the primary growing season, and could support a second growing season with the more efficient water supply. We would expect crop yields to increase if farmers followed these techniques.</subfield></datafield><datafield tag="650" ind1=" " ind2="7"><subfield code="a">IMPACT ASSESSMENT</subfield><subfield code="2">AGROVOC</subfield></datafield><datafield tag="650" ind1=" " ind2="7"><subfield code="a">IRRIGATION SYSTEMS</subfield><subfield code="2">AGROVOC</subfield></datafield><datafield tag="650" ind1=" " ind2="7"><subfield code="a">CROP PRODUCTIONS</subfield><subfield code="2">AGROVOC</subfield></datafield><datafield tag="650" ind1=" " ind2="7"><subfield code="a">LAND ACCESS</subfield><subfield code="2">AGROVOC</subfield></datafield><datafield tag="650" ind1=" " ind2="7"><subfield code="a">CLIMATE CHANGE ADAPTATION</subfield><subfield code="2">AGROVOC</subfield></datafield><datafield tag="700" ind1=" " ind2=" "><subfield code="a">Morey, M. et al.</subfield></datafield><datafield tag="773" ind1=" " ind2=" "><subfield code="w">IF000016494</subfield></datafield><datafield tag="773" ind1=" " ind2=" "><subfield code="t">IF000016494</subfield></datafield><datafield tag="852" ind1=" " ind2=" "><subfield code="a">E-Lib</subfield></datafield><datafield tag="856" ind1=" " ind2="8"><subfield code="u">http://library2018.ifad.org:8080/16480.jpg</subfield></datafield><datafield tag="856" ind1=" " ind2=" "><subfield code="u">https://www.ifad.org/documents/38714170/41113765/MG_AD2M_IA+report.pdf/f0dee52c-908c-6adf-56da-40fb44ce9580</subfield></datafield><datafield tag="999" ind1=" " ind2=" "><subfield code="a">VIRTUA40</subfield></datafield><datafield tag="999" ind1=" " ind2=" "><subfield code="a">VTLSSORT0010*7731*0030*0080*0350*0390*0900*1000*2450*2600*3000*7000*5200*6500*6501*6502*6503*6504*7730*8520*8560*8561*9992</subfield></datafield></record>