<record><leader>03188nab a2200325 a 4500</leader><controlfield tag="001">vtls000016496</controlfield><controlfield tag="003">IFAD</controlfield><controlfield tag="005">20190513110200.0</controlfield><controlfield tag="008">190513 2017                  000 0 eng d</controlfield><datafield tag="035" ind1=" " ind2=" "><subfield code="a">IF000016496</subfield></datafield><datafield tag="039" ind1=" " ind2="9"><subfield code="a">201905131102</subfield><subfield code="b">vaids</subfield><subfield code="c">201905131020</subfield><subfield code="d">vaids</subfield><subfield code="c">201905130947</subfield><subfield code="d">vaids</subfield><subfield code="c">201905130946</subfield><subfield code="d">vaids</subfield><subfield code="y">201905130945</subfield><subfield code="z">vaids</subfield></datafield><datafield tag="090" ind1=" " ind2=" "><subfield code="a">S2256 26 2017 N.1</subfield></datafield><datafield tag="100" ind1="1" ind2=" "><subfield code="a">Bonilla, J.</subfield></datafield><datafield tag="245" ind1=" " ind2=" "><subfield code="a">Impact evaluation of the smallholder dairy commercialization programme in Kenya</subfield></datafield><datafield tag="260" ind1=" " ind2=" "><subfield code="b">IFAD</subfield><subfield code="c">2017</subfield></datafield><datafield tag="300" ind1=" " ind2=" "><subfield code="a">66 pp.</subfield></datafield><datafield tag="490" ind1=" " ind2=" "><subfield code="a">IFAD Impact Assessment</subfield><subfield code="v">2017 N.1</subfield></datafield><datafield tag="520" ind1=" " ind2=" "><subfield code="a">The dairy sector in Kenya is one of the largest and most developed in Sub-Saharan Africa, accounting for four percent of its gross domestic product. Despite high production volumes, the sector is still dominated by smallholder farmers who rely on livestock for income and food security. Dairy farmers face a number of barriers to increased profitability, including animal diseases, lack of access to artificial insemination and other veterinary services, high costs of improved technologies, such as silage equipment, inadequate access to markets, poor rural infrastructure and unsteady supply of quality animal fodder.&#xD;
The Smallholder Dairy Commercialisation Programme (SDCP) was funded by the International Fund for Agricultural Development (IFAD) and implemented by the Government of Kenya from 2005 – 2015. It was designed to reach 600 dairy groups (24,000 smallholder dairy farmers) in nine counties. SDCP provided training to dairy farmers to build their enterprise, managerial and organisational skills. Aside from training, the programme also aimed to enhance dairy farming productivity and reduce production costs through demonstration, field days and grants. To strengthen market linkages, SDCP invested in improving road infrastructure and conducted additional training on milk-handling practices and value-added opportunities.&#xD;
The programme identified three main areas where barriers to improving dairy income potentially operate: dairy group activities, household production and market intermediaries. Programme designers hypothesised that increasing net dairy income for smallholder farmers can occur through four primary contextual factors (1) increasing milk production; (2) increasing milk prices; (3) decreasing the costs of producing milk; and (4) decreasing the transaction costs of participation in input and output markets. They assumed that increased net income will lead to improved food security and increased participation by women and marginalised communities.</subfield></datafield><datafield tag="650" ind1=" " ind2="7"><subfield code="a">IMPACT ASSESSMENT</subfield><subfield code="2">AGROVOC</subfield></datafield><datafield tag="650" ind1=" " ind2="7"><subfield code="a">DAIRY</subfield><subfield code="2">AGROVOC</subfield></datafield><datafield tag="650" ind1=" " ind2="7"><subfield code="a">LIVESTOCK FARM</subfield><subfield code="2">AGROVOC</subfield></datafield><datafield tag="650" ind1=" " ind2="7"><subfield code="a">SMALL HOLDER</subfield><subfield code="2">AGROVOC</subfield></datafield><datafield tag="650" ind1=" " ind2="7"><subfield code="a">FOOD SECURITY</subfield><subfield code="2">AGROVOC</subfield></datafield><datafield tag="700" ind1="1" ind2=" "><subfield code="a">McCarthy, N. et al.</subfield></datafield><datafield tag="773" ind1=" " ind2=" "><subfield code="w">IF000016494</subfield></datafield><datafield tag="852" ind1=" " ind2=" "><subfield code="a">E-Lib</subfield></datafield><datafield tag="856" ind1=" " ind2="8"><subfield code="u">http://library2018.ifad.org:8080/16479.jpg</subfield></datafield><datafield tag="856" ind1=" " ind2=" "><subfield code="u">https://www.ifad.org/documents/38714170/41113497/KE_SCDP_IA+report.pdf/183801b7-c1f5-0722-56aa-f2d796984e08</subfield></datafield><datafield tag="999" ind1=" " ind2=" "><subfield code="a">VIRTUA40</subfield></datafield><datafield tag="999" ind1=" " ind2=" "><subfield code="a">VTLSSORT0010*4900*7730*0030*0080*0350*0390*0900*1000*2450*2600*3000*5200*6500*6501*6502*6503*6504*7000*8520*8560*8561*9992</subfield></datafield></record>