<record><leader>03262nab a2200325 a 4500</leader><controlfield tag="001">vtls000016506</controlfield><controlfield tag="003">IFAD</controlfield><controlfield tag="005">20190513124800.0</controlfield><controlfield tag="008">190513 2018                  000 0 eng d</controlfield><datafield tag="035" ind1=" " ind2=" "><subfield code="a">IF000016506</subfield></datafield><datafield tag="039" ind1=" " ind2="9"><subfield code="a">201905131248</subfield><subfield code="b">vaids</subfield><subfield code="y">201905131238</subfield><subfield code="z">vaids</subfield></datafield><datafield tag="090" ind1=" " ind2=" "><subfield code="a">S2256 26 2018 N.8</subfield></datafield><datafield tag="100" ind1="1" ind2=" "><subfield code="a">Arslan, A.</subfield></datafield><datafield tag="245" ind1=" " ind2=" "><subfield code="a">Irrigated rice production enhancement project (IRPEP):</subfield><subfield code="b">Philippines</subfield></datafield><datafield tag="260" ind1=" " ind2=" "><subfield code="b">IFAD</subfield><subfield code="c">2018</subfield></datafield><datafield tag="300" ind1=" " ind2=" "><subfield code="a">60 pp.</subfield></datafield><datafield tag="490" ind1=" " ind2=" "><subfield code="a">IFAD Impact Assessment</subfield><subfield code="v">2018 N.8</subfield></datafield><datafield tag="520" ind1=" " ind2=" "><subfield code="a">Smallholder rice farming is central to poverty reduction, food security, and rural development in the Philippines. Currently, rice affordability is threatened by the country's protectionist approach to rice imports and low production efficiency. One key issue is that around 41 percent of the country's irrigable land is not irrigated. Moreover, many irrigation systems are suggested to be poorly managed with unequal water distribution.&#xD;
The Irrigated Rice Production Enhancement Project (IRPEP) was implemented in three regions (VI, VII and X) of the Philippines between 2010-2015. It was designed to improve rice productivity and smallholder livelihoods by strengthening canal irrigation infrastructure of Communal Irrigation Systems (CIS), improving the capacity of the Irrigators' Associations (IAs) that manage the CIS, and offering complementary marketing support, Farmer Field Schools, and emergency seed buffer stocks. As the government provides FFS and buffer stocks to farmers across the country, we focus the assessment on the irrigation and marketing activities only. We define the impact indicators based on IRPEP's theory of change, which maps the inputs and activities of the project to outcomes and impacts through various channels.&#xD;
The analysis is based on quantitative data from 2,104 households and 113 IAs covering beneficiary and non-beneficiary groups, along with qualitative data from project and IA staff. We estimate IRPEP's impact by comparing beneficiary and non-beneficiary households and IAs using statistical matching techniques to ensure a clean and unbaised comparison. We then use the qualitative data to try to identify the underlying factors that shaped the results. We particularly focus our analysis on regional heterogeneities in impacts because of the considerable differences between the three project regions. The main difference between regions stems from their varying levels of exposure to extreme weather events (e.g. super typhoons), as Region VIII, and to a lesser extent Region VI, experienced significant extreme weather damage during the project's implementation.</subfield></datafield><datafield tag="650" ind1=" " ind2="7"><subfield code="a">IMPACT ASSESSMENT</subfield><subfield code="2">AGROVOC</subfield></datafield><datafield tag="650" ind1=" " ind2="7"><subfield code="a">ECONOMIC ACTIVITIES</subfield><subfield code="2">AGROVOC</subfield></datafield><datafield tag="650" ind1=" " ind2="7"><subfield code="a">CROP PRODUCTIONS</subfield><subfield code="2">AGROVOC</subfield></datafield><datafield tag="650" ind1=" " ind2="7"><subfield code="a">RUTAL DEVELOPMENT</subfield><subfield code="2">AGROVOC</subfield></datafield><datafield tag="650" ind1=" " ind2="7"><subfield code="a">SOCIOECONOMIC DEVELOPMENT</subfield><subfield code="2">AGROVOC</subfield></datafield><datafield tag="700" ind1="1" ind2=" "><subfield code="a">Higgins, D.</subfield></datafield><datafield tag="773" ind1=" " ind2=" "><subfield code="w">IF000016494</subfield></datafield><datafield tag="852" ind1=" " ind2=" "><subfield code="a">E-Lib</subfield></datafield><datafield tag="856" ind1=" " ind2="8"><subfield code="u">http://library2018.ifad.org:8080/16488.jpg</subfield></datafield><datafield tag="856" ind1=" " ind2=" "><subfield code="u">https://www.ifad.org/documents/38714170/41096985/PH_IRPEP_IA+report.pdf/48dd167b-17fc-3f56-701a-053ac86c5b11</subfield></datafield><datafield tag="999" ind1=" " ind2=" "><subfield code="a">VIRTUA40</subfield></datafield><datafield tag="999" ind1=" " ind2=" "><subfield code="a">VTLSSORT0010*0030*0080*0350*0390*0900*1000*2450*2600*3000*4900*5200*6500*6501*6502*6503*6504*7000*7730*8520*8560*8561*9992</subfield></datafield></record>