<record><leader>03479nab a2200325 a 4500</leader><controlfield tag="001">vtls000016502</controlfield><controlfield tag="003">IFAD</controlfield><controlfield tag="005">20190513114000.0</controlfield><controlfield tag="008">190513 2018                  000 0 eng d</controlfield><datafield tag="035" ind1=" " ind2=" "><subfield code="a">IF000016502</subfield></datafield><datafield tag="039" ind1=" " ind2="9"><subfield code="a">201905131140</subfield><subfield code="b">vaids</subfield><subfield code="c">201905131135</subfield><subfield code="d">vaids</subfield><subfield code="y">201905131134</subfield><subfield code="z">vaids</subfield></datafield><datafield tag="090" ind1=" " ind2=" "><subfield code="a">S2256 26 2018 N.4</subfield></datafield><datafield tag="100" ind1="1" ind2=" "><subfield code="a">Cavatassi, R.</subfield></datafield><datafield tag="245" ind1=" " ind2=" "><subfield code="a">Livestock and Pasture Development Project (LPDP):</subfield><subfield code="b">Tajikistan</subfield></datafield><datafield tag="260" ind1=" " ind2=" "><subfield code="b">IFAD</subfield><subfield code="c">2018</subfield></datafield><datafield tag="300" ind1=" " ind2=" "><subfield code="a">44 pp.</subfield></datafield><datafield tag="490" ind1=" " ind2=" "><subfield code="a">IFAD Impact Assessment</subfield><subfield code="v">2018 N.4</subfield></datafield><datafield tag="520" ind1=" " ind2=" "><subfield code="a">The Republic of Tajikistan is a land locked country, where most of the territory (93%) is occupied by&#xD;
mountains. Poverty is quite widespread with about half of the country’s population living below the&#xD;
poverty line. The poorest people in the country reside in the Khatlon region, where 78 per cent of the population lives under the national poverty line and where land is degraded, the availability of inputs and credit is limited, irrigation facilities are lacking, and access to improved technologies and&#xD;
markets is poor (World Bank, 2015). About 50 per cent of the population depends on agriculture for livelihood, and most farmers lack&#xD;
access to adequate inputs, resources, technology and markets. Livestock is a key part of the&#xD;
agricultural sector and it is of critical importance in the livelihood strategy of poor rural households&#xD;
in Tajikistan.&#xD;
The pasture management system in Tajikistan remains largely unchanged since Soviet times with the exception that the lowest rung in the management system (corporate farms) no longer has adequate resources for pasture upkeep nor an adequate management system. The inadequacy of such a centralized management system is reflected in the overexploitation of pasture which has led to a vicious cycle of ever-lower animal yields and rural income, which is triggered by the legitimate will of farmers to increase their livestock production by adding animal units. This, in turn, has created a greater demand for feed, leading to a decrease in the feed per animal ratio, to a deterioration of the grazing land and to a further fall in animal weight. As a result, the rise in livestock inventories&#xD;
coupled with the fall in feed supplies has meant the dramatic fall of livestock productivity, low milk&#xD;
and meat yields and land degradation in the country, further worsening poverty among households.&#xD;
To address and overcome these problems, the Government of Tajikistan launched the Livestock and&#xD;
Pasture Development Project (LPDP) in August 2011, a project financed jointly by IFAD and the&#xD;
Government of the Republic of Tajikistan. The project had the goal of reducing poverty in the&#xD;
Khatlon region, increasing the nutritional status and incomes of rural poor households by boosting&#xD;
livestock productivity through the improvement of the productive capacity of pastures.</subfield></datafield><datafield tag="650" ind1=" " ind2="7"><subfield code="a">IMPACT ASSESSMENT</subfield><subfield code="2">AGROVOC</subfield></datafield><datafield tag="650" ind1=" " ind2="7"><subfield code="a">LIVESTOCK FARM</subfield><subfield code="2">AGROVOC</subfield></datafield><datafield tag="650" ind1=" " ind2="7"><subfield code="a">PASTURE IMPROVEMENT</subfield><subfield code="2">AGROVOC</subfield></datafield><datafield tag="650" ind1=" " ind2="7"><subfield code="a">LIVESTOCK PRODUCTION</subfield><subfield code="2">AGROVOC</subfield></datafield><datafield tag="650" ind1=" " ind2="7"><subfield code="a">FOOD SECURITY</subfield><subfield code="2">AGROVOC</subfield></datafield><datafield tag="700" ind1=" " ind2=" "><subfield code="a">Mallia, P.</subfield></datafield><datafield tag="773" ind1=" " ind2=" "><subfield code="w">IF000016494</subfield></datafield><datafield tag="852" ind1=" " ind2=" "><subfield code="a">E-Lib</subfield></datafield><datafield tag="856" ind1=" " ind2="8"><subfield code="u">http://library2018.ifad.org:8080/16484.jpg</subfield></datafield><datafield tag="856" ind1=" " ind2=" "><subfield code="u">https://www.ifad.org/documents/38714170/41114919/TJ_LPDP_IA+report.pdf/46a3c493-b024-e1b2-3f3a-786255cdc035</subfield></datafield><datafield tag="999" ind1=" " ind2=" "><subfield code="a">VIRTUA40</subfield></datafield><datafield tag="999" ind1=" " ind2=" "><subfield code="a">VTLSSORT0010*7000*0030*0080*0350*0390*0900*1000*2450*2600*3000*4900*5200*6500*6501*6502*6503*6504*7730*8520*8560*8561*9992</subfield></datafield></record></collection>